@book{cred_2019, 
    title={Natural Disasters 2019}, 
    institution={Centre for Research and Epidemiology of Disasters (CRED)}, 
    author={Centre for Research and Epidemiology of Disasters (CRED)}, 
    year={2019}
}

@book{aon_2020, 
    title={Global Catastrophe Recap: First Half of 2020},
    author={Aon plc}, 
    year={2020}
}

@article{daidzic2016general,
  title={General solution of the wind triangle problem and the critical tailwind angle},
  author={Daidzic, Nihad E},
  journal={The International Journal of Aviation Sciences (IJAS)},
  volume={1},
  number={1},
  pages={57--93},
  year={2016}
}

@article{dictionary2008cambridge,
  title={Cambridge advanced learner’s dictionary},
  author={Dictionary, Cambridge},
  journal={PONS-Worterbucher, Klett Ernst Verlag GmbH},
  year={2008}
}

@article{freire2019using,
  title={Using cellular automata to simulate wildfire propagation and to assist in fire management.},
  author={Freire, Joana Gouveia and DaCamara, Carlos Castro},
  journal={Natural Hazards \& Earth System Sciences},
  volume={19},
  number={1},
  year={2019}
}

@misc{mamdani-and-sugeno-fis, 
    title={Mamdani and Sugeno Fuzzy Inference Systems}, 
    url={https://uk.mathworks.com/help/fuzzy/types-of-fuzzy-inference-systems.html}, 
    journal={Mamdani and Sugeno Fuzzy Inference Systems - MATLAB &amp; Simulink - MathWorks United Kingdom}, publisher={Mathworks}
} 

@article{ohgai2007cellular,
  title={Cellular automata modeling of fire spread in built-up areas—A tool to aid community-based planning for disaster mitigation},
  author={Ohgai, Akira and Gohnai, Yoshimizu and Watanabe, Kojiro},
  journal={Computers, environment and urban systems},
  volume={31},
  number={4},
  pages={441--460},
  year={2007},
  publisher={Elsevier}
}

 @misc{openstreetmap, url={https://www.openstreetmap.org/}, journal={OpenStreetMap}}
 
 @misc{prabhakaran_2019, title={Logistic Regression - A Complete Tutorial with Examples in R}, url={https://www.machinelearningplus.com/machine-learning/logistic-regression-tutorial-examples-r/}, journal={Machine Learning Plus}, author={Prabhakaran, Selva}, year={2019}, month={Aug}}
